<record><leader>00000cas a22000007a 4500</leader><controlfield tag="001">11424731</controlfield><controlfield tag="008">841127d18431844ohuwr ne      0   a0eng d</controlfield><datafield ind1=" " ind2=" " tag="010"><subfield code="a">sn 84024997 </subfield></datafield><datafield ind1=" " ind2=" " tag="040"><subfield code="a">NPV</subfield><subfield code="b">eng</subfield><subfield code="c">NPV</subfield><subfield code="d">ONP</subfield><subfield code="d">CNK</subfield><subfield code="d">OCL</subfield><subfield code="d">OCLCF</subfield><subfield code="d">OCLCO</subfield></datafield><datafield ind1=" " ind2=" " tag="042"><subfield code="a">msc</subfield></datafield><datafield ind1="0" ind2=" " tag="130"><subfield code="a">Palladium of liberty (Columbus, Ohio)</subfield></datafield><datafield ind1="0" ind2="0" tag="245"><subfield code="a">Palladium of liberty.</subfield></datafield><datafield ind1=" " ind2=" " tag="260"><subfield code="a">Columbus, [Ohio] :</subfield><subfield code="b">Executive Committee of Fifteen,</subfield><subfield code="c">1843-1844.</subfield></datafield><datafield ind1=" " ind2=" " tag="300"><subfield code="a">v.</subfield></datafield><datafield ind1=" " ind2=" " tag="310"><subfield code="a">Weekly</subfield></datafield><datafield ind1="0" ind2=" " tag="362"><subfield code="a">Vol. 1, no. 1 (Dec. 27, 1843)-v. 1, no. 37 (Nov. 13, 1844).</subfield></datafield><datafield ind1=" " ind2="0" tag="650"><subfield code="a">African Americans</subfield><subfield code="z">Ohio</subfield><subfield code="v">Newspapers.</subfield></datafield><datafield ind1=" " ind2="0" tag="651"><subfield code="a">Columbus (Ohio)</subfield><subfield code="v">Newspapers.</subfield></datafield><datafield ind1=" " ind2="0" tag="651"><subfield code="a">Franklin County (Ohio)</subfield><subfield code="v">Newspapers.</subfield></datafield><datafield ind1=" " ind2="7" tag="655"><subfield code="a">Newspapers.</subfield><subfield code="2">fast</subfield><subfield code="0">(OCoLC)fst01423814</subfield></datafield><datafield ind1=" " ind2="7" tag="650"><subfield code="a">African Americans.</subfield><subfield code="2">fast</subfield><subfield code="0">(OCoLC)fst00799558</subfield></datafield><datafield ind1=" " ind2="7" tag="651"><subfield code="a">Ohio.</subfield><subfield code="2">fast</subfield><subfield code="0">(OCoLC)fst01205075</subfield></datafield><datafield ind1=" " ind2="7" tag="651"><subfield code="a">Ohio</subfield><subfield code="z">Columbus.</subfield><subfield code="2">fast</subfield><subfield code="0">(OCoLC)fst01205076</subfield></datafield><datafield ind1=" " ind2="7" tag="651"><subfield code="a">Ohio</subfield><subfield code="z">Franklin County.</subfield><subfield code="2">fast</subfield><subfield code="0">(OCoLC)fst01209686</subfield></datafield><datafield ind1="1" ind2=" " tag="700"><subfield code="a">Jenkins, David.</subfield></datafield><datafield ind1=" " ind2=" " tag="752"><subfield code="a">United States</subfield><subfield code="b">Ohio</subfield><subfield code="c">Franklin</subfield><subfield code="d">Columbus.</subfield></datafield></record>